BOOK{lshort-cn,
        author =       {C\TeX{}~翻译小组},
        title =        {lshort~中文版~3.20},
        year =         {2003},
}

BOOK{deng:01a,
        author =       {{邓建松,~彭冉冉,~陈长松}},
        title =        {\LaTeXe{}~科技排版指南},
        publisher =    {科学出版社,~书号:~7-03-009239-2/TP.1516},
        year =         {2001},
        address =      {北京},
}

BOOK{wang:00a,
        author =       {王磊},
        title =        {\LaTeXe{}~插图指南},
        year =         {2000},
}

BOOK{zhang:03a,
        author =       {张林波},
        title =        {关于新版~CCT~的说明},
        year =         {2003},
}

book{lamport85a,
        author={Leslie Lamport},
        title={{LaTeX} --- A Document Preparation System: User's Guide and Reference Manual},
        publisher={Addison-Wesley},
        year={1985},
        address={Reading, Massachusetts},
        edition={2nd}
}

book{knuth86a,
        author={Donald E. Knuth},
        title={The {TeX}book},
        publisher={Addison-Wesley},
        year={1986},
        volume={A},
        address={Reading, Massachusetts},
        series={Computers and Typesetting}
}

book{knuth86b,
        author={Donald E. Knuth},
        title={{TeX}: The Program},
        publisher={Addison-Wesley},
        year={1986},
        volume={B},
        address={Reading, Massachusetts},
        series={Computers and Typesetting}
}

book{knuth86c,
        author={Donald E. Knuth},
        title={The {METAFONT}book},
        publisher={Addison-Wesley},
        year={1986},
        volume={C},
        address={Reading, Massachusetts},
        series={Computers and Typesetting}
}

book{knuth86d,
        author={Donald E. Knuth},
        title={{METAFONT}: The Program},
        publisher={Addison-Wesley},
        year={1986},
        volume={D},
        address={Reading, Massachusetts},
        series={Computers and Typesetting}
}

book{knuth86e,
        author={Donald E. Knuth},
        title={Computer Modern Typefaces},
        publisher={Addison-Wesley},
        year={1986},
        volume={E},
        address={Reading, Massachusetts},
        series={Computers and Typesetting}
}

%%%%%%%%%%%%%%%%%%%%%%%%%%%%%%%%%%%%%%%%%%%%%%%%%%%%%%%%%%%%%%%%%%%
% CHAPTER 第二章
%%%%%%%%%%%%%%%%%%%%%%%%%%%%%%%%%%%%%%%%%%%%%%%%%%%%%%%%%%%%%%%%%%%
@book{duds2015,
      author = {{杜东生,~杨茂志}},
      title = "粒子物理导论",
      year = {2014},
      publisher = "北京科学出版社",
}

% STAR
@article{Shao:2009aa,
      author         = "Ming Shao. and others",
      title          = "{Upgrade of the calibration procedure for a STAR time-of-flight detector with new electronics}",
      collaboration  = "Star",
      journal        = "IOP science.",
      volume         = "20",
      year           = "2009",
      pages          = "025102",
      doi            = "10.1088/0957-0233/20/2/025102",
      url            = "stacks.iop.org/MST/20/025102
}

%%%%%%%%%%%%%%%%%%%%%%%%%%%%%%%%%%%%%%%%%%%%%%%%%%%%%%%%%%%%%%%%%%%
% CHAPTER 第三章
%%%%%%%%%%%%%%%%%%%%%%%%%%%%%%%%%%%%%%%%%%%%%%%%%%%%%%%%%%%%%%%%%%%
% Bian
@article{Bian:2010aa,
      author         = "BIAN jian-Ming. and others",
      title          = "{Abosolute photon energy calibration for the BESIII EMC}",
      collaboration  = "CPC",
      journal        = "Chinese Physics C",
      volume         = "34",
      year           = "2010",
      pages          = "72-77"
}

% Nov
@article{Nov:2000aa,
      author         = "Bauer A J M.",
      title          = "{BaBar Note 521}",
      year           = "2000",
%      pages          = "521"
}